
@article{jalbert_quoi_2013,
	title = {De quoi l’essai est-il le nom ?},
	volume = {43},
	issn = {1708-9069, 0014-214X},
	url = {http://id.erudit.org/iderudit/1014730ar},
	doi = {10.7202/1014730ar},
	abstract = {Depuis maintenant quarante ans, on explique l’appartenance de l’essai à la littérature par la combinaison d’un verbe et d’une pensée d’exception dont il serait le lieu. Il est ici envisagé autrement. Car le nom essai est celui du rapport entre une pratique d’écriture et de pensée et la modalité interprétative qui lui donne une visibilité et une lisibilité tenant à la conception spécifique de la pensée, de l’écriture et de la lecture remontant aux romantiques allemands. Cet article examine en trois étapes les grands pans de cette intelligibilité littéraire au sein de la pensée québécoise de l’essai, chez les plus grands écrivains associés au genre, dont Pierre Vadeboncoeur, André Belleau et Fernand Ouellette.
          , 
            Over the past 40 years, the essay has been defined as a bona fide literary genre owing to its combination of words and the exceptional thought they bring to life. In this article, however, the concept of essay is addressed anew as the relationship between patterns of thought and writing and the interpretive approach that brings them to the fore and the reader’s attention while relying on a specific conception of thought, reading and the written word harking back to German Romantics. This three-part article looks at the main facets of such literary intelligibility within the realm of Quebec essayists, including such luminaries as Pierre Vadeboncoeur, André Belleau and Fernand Ouellette.},
	pages = {167--180},
	number = {2},
	journaltitle = {Études littéraires},
	shortjournal = {etudlitt},
	author = {Jalbert, Martin},
	urldate = {2023-08-14},
	date = {2013-03-13},
	langid = {french},
	keywords = {Genre \& style},
	file = {Jalbert - 2013 - De quoi l’essai est-il le nom .pdf:/home/lf/Zotero/storage/6XD7GHES/Jalbert - 2013 - De quoi l’essai est-il le nom .pdf:application/pdf},
}

@article{guyot_stylemes_2006,
	title = {Stylèmes et corpus génériques : un essai de confrontation au service de la stylistique des genres},
	issn = {1638-9808, 1765-3126},
	url = {http://journals.openedition.org/corpus/472},
	doi = {10.4000/corpus.472},
	shorttitle = {Stylèmes et corpus génériques},
	number = {5},
	journaltitle = {Corpus},
	shortjournal = {corpus},
	author = {Guyot, Alain},
	urldate = {2023-08-14},
	date = {2006-12-01},
	langid = {french},
	keywords = {Genre \& style},
	file = {Guyot - 2006 - Stylèmes et corpus génériques  un essai de confro.pdf:/home/lf/Zotero/storage/QKQHU5WR/Guyot - 2006 - Stylèmes et corpus génériques  un essai de confro.pdf:application/pdf},
}

@mvbook{viala_naissance_1992,
	location = {Paris},
	title = {Naissance de l'écrivain :  sociologie de la littérature à l'âge classique},
	isbn = {978-2-7073-1025-5},
	series = {Le Sens commun},
	shorttitle = {Naissance de l'écrivain},
	volumes = {1},
	pagetotal = {317},
	publisher = {Ed. de Minuit},
	author = {Viala, Alain},
	date = {1992},
	note = {Country: {FR}
couv. ill. 22 cm. Notes bibliogr.},
	keywords = {Genre \& style},
}

@book{biber_register_2009,
	location = {Cambridge},
	title = {Register, Genre, and Style},
	url = {https://www.cambridge.org/core/books/register-genre-and-style/55217DB70BD87C93FA2BBA70DB4C2575},
	series = {Cambridge Textbooks in Linguistics},
	abstract = {This book describes the most important kinds of texts in English and introduces the methodological techniques used to analyse them. Three analytical approaches are introduced and compared, describing a wide range of texts from the perspectives of register, genre and style. The primary focus of the book is on the analysis of registers.  Part 1 introduces an analytical framework for studying registers, genre conventions, and styles. Part 2 provides detailed descriptions of particular text varieties in English, including spoken interpersonal varieties (conversation, university office hours, service encounters), written varieties (newspapers, academic prose, fiction), and emerging electronic varieties (e-mail, internet forums, text messages). Finally, Part 3 introduces advanced analytical approaches using corpora, and discusses theoretical concerns, such as the place of register studies in linguistics, and practical applications of register analysis. Each chapter ends with three types of activities: reflection and review activities, analysis activities, and larger project ideas.},
	publisher = {Cambridge University Press},
	author = {Biber, Douglas and Conrad, Susan},
	date = {2009},
	doi = {10.1017/CBO9780511814358},
	keywords = {Genre \& style},
}

@article{gerard_linguistique_2019,
	title = {Linguistique des genres : objet et méthode},
	rights = {All rights reserved},
	issn = {0246-8743},
	url = {https://journals.openedition.org/linx/3030#tocto2n1},
	doi = {10.4000/linx.3030},
	shorttitle = {Linguistique des genres},
	abstract = {Quel est l’objet de la linguistique des genres et de quelle complexité est fait ce champ d’études ? Quels critères objectifs doivent assurer le maniement de la notion de genre ? En quoi réside la complexité de la relation entre un texte et « son » genre ? Quelle est la pertinence de la notion de « sous-genre » ? Quels observables centraux restent négligés par la linguistique des genres ? Pour répondre à ces questions, qui témoignent d’une discipline en crise, cet article non seulement réaffirme le lien indissoluble entre histoire, culture et genres discursifs, mais entend repenser la linguistique des genres du point de vue variationniste — comme l’appelle clairement l’étude ethnologique des phénomènes communicationnels. Dans ce but, on introduit ici le concept de variété générique et des distinctions méthodologiques permettant la mise en œuvre d’une approche variationniste des genres en linguistique.},
	number = {78},
	journaltitle = {Linx. Revue des linguistes de l’université Paris X Nanterre},
	author = {Gérard, Christophe},
	urldate = {2023-08-15},
	date = {2019-06-30},
	langid = {french},
	note = {Number: 78
Publisher: Département de Sciences du langage, Université Paris Ouest},
	keywords = {Genre \& style},
	file = {Full Text PDF:/home/lf/Zotero/storage/EU3ZL7RH/Gérard - 2019 - Linguistique des genres  objet et méthode.pdf:application/pdf},
}

@article{abbou_genre_2016,
	title = {Le genre linguistique, une catégorie sémiotique. Propositions pour une approche herméneutique du genre en langue},
	rights = {https://creativecommons.org/licenses/by/4.0/},
	issn = {0761-2990},
	url = {https://journals.openedition.org/semen/10634},
	doi = {10.4000/semen.10634},
	abstract = {Introduction Cette contribution se veut une exploration des intersections théoriques possibles entre études de genre et linguistique qui permette de penser la triple nature linguistique, sémiotique et sociale de la catégorie de genre. Dans les études de genre, les glissements paradigmatiques du structuralisme et les décalages disciplinaires filent la métaphore linguistique de façon quasi-permanente, voire analogique : structure de la langue et structure sociale du genre cohabitent, marques gr...},
	number = {42},
	journaltitle = {Semen. Revue de sémio-linguistique des textes et discours},
	author = {Abbou, Julie},
	urldate = {2023-08-15},
	date = {2016-07-24},
	langid = {french},
	note = {Number: 42
Publisher: Presses universitaires de Franche-Comté},
	keywords = {Genre \& style},
	file = {Version soumise:/home/lf/Zotero/storage/9HVLEIWW/Abbou - 2016 - Le genre linguistique, une catégorie sémiotique.Pr.pdf:application/pdf},
}

@mvbook{austin_quand_1970,
	location = {Paris},
	title = {Quand dire, c'est faire , How to do things with words. Introduction, traduction et       commentaire par Gilles Lane},
	volumes = {1},
	pagetotal = {189},
	publisher = {Éditions du Seuil},
	author = {Austin, John Langshaw},
	translator = {Lane, Gilles},
	date = {1970},
	note = {Country: {FR}
21 cm. L'Ordre philosophique.   Recueil des textes de douze conférences prononcées par l'auteur,
      à l'Université de Harvard, en 1955.   Index.},
	keywords = {Genre \& style},
}

@book{bourdieu_distinction_2012,
	location = {Paris},
	title = {La distinction critique sociale du jugement},
	isbn = {978-2-7073-3721-4},
	publisher = {Editions de Minuit : Maison des sciences de l'homme},
	author = {Bourdieu, Pierre},
	date = {2012},
	keywords = {Genre \& style},
}

@book{bourdieu_les_1992,
	location = {Paris},
	title = {Les règles de l'art genèse et structure du champ littéraire},
	isbn = {978-2-02-133198-1},
	shorttitle = {Les règles de l'art},
	publisher = {Éditions du Seuil},
	author = {Bourdieu, Pierre},
	date = {1992},
	keywords = {Genre \& style},
}

@incollection{marty_roland_2005,
	title = {Roland Barthes et la question de l’histoire littéraire},
	isbn = {978-2-13-054726-6},
	url = {http://www.cairn.info/l-histoire-litteraire-a-l-aube-du-xxi-e-siecle--9782130547266-page-417.htm},
	pages = {417},
	booktitle = {L'histoire littéraire à l'aube du {XXIe} siècle : Controverses et consensus},
	publisher = {Presses Universitaires de France},
	author = {Marty, Éric},
	urldate = {2021-11-09},
	date = {2005},
	doi = {10.3917/puf.frai.2005.01.0417},
	keywords = {Genre \& style},
}

@article{molinie_style_1996,
	title = {Style et littérarité},
	volume = {28},
	issn = {0992-5279},
	url = {https://www.persee.fr/doc/licla_0992-5279_1996_num_28_1_2519},
	doi = {10.3406/licla.1996.2519},
	pages = {69--74},
	number = {1},
	journaltitle = {Littératures classiques},
	shortjournal = {licla},
	author = {Molinié, Georges},
	urldate = {2021-11-09},
	date = {1996},
	keywords = {Genre \& style},
}

@book{molinie_approches_1993,
	title = {Approches de la réception},
	isbn = {978-2-13-045101-3},
	url = {http://www.cairn.info/approches-de-la-reception--9782130451013.htm},
	publisher = {Presses Universitaires de France},
	author = {Molinié, Georges and Viala, Alain},
	urldate = {2021-11-10},
	date = {1993},
	doi = {10.3917/puf.molin.1993.01},
	keywords = {Genre \& style},
}

@book{saussure_cours_1995,
	location = {Paris},
	title = {Cours de linguistique générale},
	isbn = {978-2-228-88942-1},
	series = {Grande bibliothèque Payot},
	publisher = {Payot},
	author = {Saussure, Ferdinand de and Bally, Charles and Sechehaye, Charles-Albert and Riedlinger, Albert and De Mauro, Tullio and Calvet, Louis-Jean},
	date = {1995},
	keywords = {Genre \& style},
}

@book{maingueneau_contexte_1993,
	location = {Paris},
	title = {Le contexte de l'oeuvre littéraire: énonciation, écrivain, société},
	isbn = {978-2-10-001688-4},
	series = {Collection Lettres supérieures},
	shorttitle = {Le contexte de l'oeuvre littéraire},
	publisher = {Bordas},
	author = {Maingueneau, Dominique},
	date = {1993},
	keywords = {Genre \& style},
}

@book{riffaterre_essais_1975,
	location = {Paris},
	title = {Essais de stylistique structurale},
	isbn = {978-2-08-210168-4},
	series = {Nouvelle bibliothèque scientifique},
	pagetotal = {364},
	publisher = {Flammarion},
	author = {Riffaterre, Michael},
	date = {1975},
	keywords = {Genre \& style},
}

@book{philippe_pourquoi_2021,
	location = {Bruxelles},
	title = {Pourquoi le style change-t-il?},
	isbn = {978-2-87449-864-0},
	pagetotal = {259},
	publisher = {Les Impressions nouvelles},
	author = {Philippe, Gilles},
	date = {2021},
	keywords = {Genre \& style},
}

@book{philippe_sujet_2002,
	location = {Paris},
	title = {Sujet, verbe, complément: le moment grammatical de la littérature française, 1890-1940},
	isbn = {978-2-07-076408-2},
	series = {Bibliothèque des idées},
	shorttitle = {Sujet, verbe, complément},
	pagetotal = {258},
	publisher = {Gallimard},
	author = {Philippe, Gilles},
	date = {2002},
	keywords = {Genre \& style},
}

@book{philippe_reve_2013,
	location = {Paris},
	edition = {1re édition},
	title = {Le rêve du style parfait},
	isbn = {978-2-13-062093-8},
	pagetotal = {225},
	publisher = {Presses universitaires de France},
	author = {Philippe, Gilles},
	date = {2013},
	keywords = {Genre \& style},
}

@book{lentricchia_critical_2012,
	location = {Chicago [Ill.},
	title = {Critical terms for literary study},
	isbn = {978-1-84972-354-1},
	url = {http://www.credoreference.com/book/uchicagols},
	abstract = {Since its publication in 1990, Critical Terms for Literary Study has become a landmark introduction to the work of literary theory - giving tens of thousands of students an unparalleled encounter with what it means to do theory and criticism. Significantly expanded, this new edition features six new chapters that confront, in different ways, the growing understanding of literary works as cultural practices. These six new chapters are "Popular Culture," "Diversity," "Imperialism/Nationalism," "Desire," "Ethics," and "Class," by John Fiske, Louis Menand, Seamus Deane, Judith Butler, Geoffrey Galt Harpham, and Daniel T. O'Hara, respectively. Each new essay adopts the approach that has won this book such widespread acclaim: each provides a concise history of a literary term, critically explores the issues and questions the term raises, and then puts theory into practice by showing the reading strategies the term permits.},
	publisher = {University of Chicago Press},
	author = {Lentricchia, Frank and {McLaughlin}, Thomas},
	urldate = {2021-11-22},
	date = {2012},
	keywords = {Genre \& style},
}

@book{barthes_degre_1972,
	location = {Paris},
	title = {Le Degré zéro de l'écriture},
	isbn = {978-2-02-000610-1},
	series = {Points. Littérature},
	pagetotal = {187},
	number = {35},
	publisher = {Éditions du Seuil},
	author = {Barthes, Roland},
	date = {1972},
	keywords = {Genre \& style},
}

@collection{philippe_langue_2009,
	location = {Paris},
	title = {La langue littéraire: une histoire de la prose en France de Gustave Flaubert à Claude Simon},
	isbn = {978-2-213-63115-8},
	shorttitle = {La langue littéraire},
	pagetotal = {570},
	publisher = {Fayard},
	editor = {Philippe, Gilles and Piat, Julien},
	date = {2009},
	keywords = {Genre \& style},
}

@incollection{jeannelle__2017,
	location = {Paris},
	title = {La « littérarité » à l’épreuve d’une histoire des pratiques littéraires et des idées linguistiques : Entretien avec Gilles Philippe},
	isbn = {978-2-87854-739-9},
	url = {http://books.openedition.org/psn/1294},
	series = {Fiction/Non fiction {XXI}},
	shorttitle = {La « littérarité » à l’épreuve d’une histoire des pratiques littéraires et des idées linguistiques},
	pages = {39--49},
	booktitle = {Le mot juste : Des mots à l’essai aux mots à l’œuvre},
	publisher = {Presses Sorbonne Nouvelle},
	author = {Jeannelle, Jean-Louis},
	editor = {Barraband, Mathilde and Faerber, Johan and Pigeat, Aurélien},
	urldate = {2022-01-05},
	date = {2017-04-12},
	keywords = {Genre \& style},
}

@collection{molinie_quest-ce_1994,
	location = {Paris},
	edition = {1re éd},
	title = {Qu'est-ce que le style? actes du colloque international},
	isbn = {978-2-13-046087-9},
	series = {Linguistique nouvelle},
	shorttitle = {Qu'est-ce que le style?},
	pagetotal = {354},
	publisher = {Presses universitaires de France},
	editor = {Molinié, Georges and Cahné, Pierre Alain},
	date = {1994},
	keywords = {Genre \& style},
}

@article{van_cranenburgh_cliche_nodate,
	title = {Cliche Expressions in Literary and Genre Novels},
	pages = {10},
	author = {van Cranenburgh, Andreas},
	keywords = {Genre \& style},
}

@article{herrmann_revisiting_2015,
	title = {Revisiting Style, a Key Concept in Literary Studies},
	volume = {9},
	pages = {25 -- 52},
	journaltitle = {Journal of Literary Theory},
	author = {Herrmann, J. Berenike and Dalen-Oskam, Karina van and Schöch, Christof},
	date = {2015},
	keywords = {Genre \& style},
}

@book{jakobson_essais_1963,
	location = {Paris},
	title = {Essais de linguistique générale. "Preliminaries to speech analysis" :  Traduit de l'anglais et préfacé par Nicolas Ruwet},
	series = {Essais de linguistique générale. ["Preliminaries to speech analysis"]...},
	shorttitle = {Essais de linguistique générale. ["Preliminaries to speech analysis"]... ,  [1.]},
	publisher = {Editions de Minuit (Château-Gontier, Impr. de l'"Indépendant")},
	author = {Jakobson, Roman},
	translator = {Ruwet, Nicolas},
	date = {1963},
	note = {Country: {FR}
Arguments : 14. - Recueil d'extraits, traduits, de diverses revues et publications,
      1949-1962.},
	keywords = {Genre \& style},
}

@book{lejeune_pacte_1975,
	location = {Paris},
	title = {Le pacte autobiographique},
	series = {Collection Poétique},
	pagetotal = {357},
	number = {14},
	publisher = {Éd. du Seuil},
	author = {Lejeune, Philippe},
	date = {1975},
	note = {Country: {FR}
21 cm. Bibliogr. p. 345-354. Index.},
	keywords = {Genre \& style},
}

@book{angenot_glossaire_nodate,
	title = {Glossaire pratique de la critique contemporaine},
	author = {Angenot, Marc},
	keywords = {Genre \& style},
	file = {Glossaire pratique de la critique contemporaine (Marc Angenot) (Z-Library).pdf:/home/lf/Zotero/storage/NGDKI7E3/Glossaire pratique de la critique contemporaine (Marc Angenot) (Z-Library).pdf:application/pdf},
}

@book{fromilhague_introduction_2016,
	title = {Introduction à l'analyse stylistique},
	series = {{CURSUS}},
	pagetotal = {270},
	publisher = {Armand Colin},
	author = {Fromilhague, Catherine and Sancier-Château, Anne},
	date = {2016},
	langid = {french},
	keywords = {Genre \& style},
}

@book{herschberg_pierrot_stylistique_2003,
	title = {Stylistique de la prose},
	series = {Belin Sup-Lettres},
	pagetotal = {319},
	publisher = {Belin},
	author = {Herschberg Pierrot, Anne},
	date = {2003},
	keywords = {Genre \& style},
}

@article{gerard_genres_nodate,
	title = {Genres discursifs: la question de leur définition et de leur variation. Un point de vue ethnologique},
	author = {Gérard, Christophe},
	langid = {french},
	keywords = {Genre \& style},
	file = {Gérard - Genres discursifs la question de leur définition .pdf:/home/lf/Zotero/storage/BER24RZ8/Gérard - Genres discursifs la question de leur définition .pdf:application/pdf},
}

@book{schaeffer_quest-ce_1989,
	location = {Paris},
	title = {Qu'est-ce qu'un genre littéraire ?},
	isbn = {978-2-02-010691-7},
	series = {Poétique},
	pagetotal = {184},
	publisher = {Éd. du Seuil},
	author = {Schaeffer, Jean-Marie},
	date = {1989},
	note = {Country: {FR}
21 cm.},
	keywords = {Genre \& style},
}

@article{combe_stylistique_2002,
	title = {La stylistique des genres},
	volume = {135},
	rights = {free},
	url = {https://www.persee.fr/doc/lfr_0023-8368_2002_num_135_1_6461},
	doi = {10.3406/lfr.2002.6461},
	abstract = {Dominique Combe : The stylistics of genres In spite of the importance of literary kinds in theory today, a stylistics of genres is still to be expected, although it was initiated in France by Pierre Larthomas. The field of such a stylistics was yet opened by Russian Formalists and Bakhtine in the twenties, but the ambivalent situation of stylistics (individual/ social discourse, formal criteria /historical and analysis, etc.), prevented it to be fully acknowledged within the field of poetics and stylistics.},
	pages = {33--49},
	number = {1},
	journaltitle = {Langue française},
	author = {Combe, Dominique},
	urldate = {2023-08-19},
	date = {2002},
	note = {Publisher: Persée - Portail des revues scientifiques en {SHS}},
	keywords = {Genre \& style},
}

@incollection{francois_en_2023,
	location = {Lyon},
	title = {En quoi la stylistique « comparée » était-elle réellement une stylistique ? Les apports respectifs de Charles Bally et Fritz Strohmeyer},
	rights = {https://www.openedition.org/12554},
	isbn = {979-10-362-0642-9},
	url = {http://books.openedition.org/enseditions/45296},
	series = {Langages},
	shorttitle = {En quoi la stylistique « comparée » était-elle réellement une stylistique ?},
	pages = {59--72},
	booktitle = {Concert mondial de linguistique française : Mélanges offerts à Franck Neveu},
	publisher = {{ENS} Éditions},
	author = {François, Jacques},
	editor = {Roig, Audrey and Toutain, Anne-Gaëlle},
	urldate = {2023-09-06},
	date = {2023-05-23},
	langid = {french},
	doi = {10.4000/books.enseditions.45296},
	note = {Code: Concert mondial de linguistique française : Mélanges offerts à Franck Neveu},
	keywords = {Genre \& style, énonciation, enunciation, épistémologie, epistemology, semantics, sémantique, syntax, syntaxe, text, texte},
}
