
@collection{guay_politiques_2014,
	location = {Montréal, Québec},
	title = {Politiques de la littérature: une traversée du {XXe} siècle français},
	isbn = {978-2-923907-33-8},
	series = {Collection Figura},
	shorttitle = {Politiques de la littérature},
	pagetotal = {188},
	number = {numéro 35},
	publisher = {{UQÀM}, Université du Québec à Montréal, Figura, Centre de recherche Figura sur le texte et l'imaginaire},
	editor = {Guay, Élyse and Hamel, Jean-François and Côté-Fournier, Laurence and Université du Québec à Montréal},
	date = {2014},
	langid = {french},
	note = {{OCLC}: ocn881431490},
	keywords = {pamphlet},
	file = {Guay et al. - 2014 - Politiques de la littérature une traversée du XXe.pdf:/home/lf/Zotero/storage/DC4DX6NG/Guay et al. - 2014 - Politiques de la littérature une traversée du XXe.pdf:application/pdf},
}

@article{cattani_les_2019,
	title = {Les écrits sur l’actualité de Paul Valéry : essais, pamphlets, écrits de circonstance ou textes littéraires ?},
	issn = {2240-7456},
	url = {http://journals.openedition.org/rief/5009},
	doi = {10.4000/rief.5009},
	shorttitle = {Les écrits sur l’actualité de Paul Valéry},
	number = {9},
	journaltitle = {Revue italienne d’études françaises},
	shortjournal = {rief},
	author = {Cattani, Paola},
	urldate = {2023-08-14},
	date = {2019-11-14},
	langid = {french},
	keywords = {pamphlet},
	file = {Cattani - 2019 - Les écrits sur l’actualité de Paul Valéry  essais.pdf:/home/lf/Zotero/storage/DKZ77YZD/Cattani - 2019 - Les écrits sur l’actualité de Paul Valéry  essais.pdf:application/pdf},
}

@article{passard_silence_2011,
	title = {Le silence et la fureur. Le pamphlétaire et l'ordre parlementaire à la fin du Second Empire : réflexions à partir du cas Henri Rochefort:},
	volume = {n° 83},
	issn = {1155-3219},
	url = {https://www.cairn.info/revue-geneses-2011-2-page-29.htm?ref=doi},
	doi = {10.3917/gen.083.0029},
	shorttitle = {Le silence et la fureur. Le pamphlétaire et l'ordre parlementaire à la fin du Second Empire},
	pages = {29--54},
	number = {2},
	journaltitle = {Genèses},
	author = {Passard, Cédric},
	urldate = {2023-08-14},
	date = {2011-08-01},
	langid = {french},
	keywords = {pamphlet},
	file = {Passard - 2011 - Le silence et la fureur. Le pamphlétaire et l'ordr.pdf:/home/lf/Zotero/storage/X2IRXJY7/Passard - 2011 - Le silence et la fureur. Le pamphlétaire et l'ordr.pdf:application/pdf},
}

@article{hastings_les_2009,
	title = {Les mutations du pamphlet dans la France contemporaine},
	issn = {0243-6450, 1960-6001},
	url = {http://journals.openedition.org/mots/19159},
	doi = {10.4000/mots.19159},
	pages = {5--17},
	number = {91},
	journaltitle = {Mots},
	shortjournal = {mots},
	author = {Hastings, Michel and Passard, Cédric and Rennes, Juliette},
	urldate = {2023-08-14},
	date = {2009-11-30},
	langid = {french},
	keywords = {pamphlet},
	file = {Hastings et al. - 2009 - Les mutations du pamphlet dans la France contempor.pdf:/home/lf/Zotero/storage/MVQRZ782/Hastings et al. - 2009 - Les mutations du pamphlet dans la France contempor.pdf:application/pdf},
}

@article{jonge_limites_2009,
	title = {Limites et ambigüités rhétoriques du discours pamphlétaire. Vers l’abandon d’une pratique sociale ?},
	issn = {0243-6450, 1960-6001},
	url = {http://journals.openedition.org/mots/19205},
	doi = {10.4000/mots.19205},
	pages = {51--65},
	number = {91},
	journaltitle = {Mots},
	shortjournal = {mots},
	author = {Jonge, Emmanuel De and Nicolas, Loïc},
	urldate = {2023-08-14},
	date = {2009-11-30},
	langid = {french},
	keywords = {pamphlet},
	file = {Jonge et Nicolas - 2009 - Limites et ambigüités rhétoriques du discours pamp.pdf:/home/lf/Zotero/storage/C8KR7392/Jonge et Nicolas - 2009 - Limites et ambigüités rhétoriques du discours pamp.pdf:application/pdf},
}

@article{saintes_parole_2020,
	title = {Parole pamphlétaire, parole plébéienne. Les cas de Paul-Louis Courier et de Claude Tillier},
	volume = {74},
	issn = {0024-1415, 2295-8991},
	url = {https://www.brepolsonline.net/doi/10.1484/J.LLR.5.121041},
	doi = {10.1484/J.LLR.5.121041},
	abstract = {Following the footsteps of Germaine de Staël, Benjamin Constant and especially Chateaubriand, pioneers of the modern lampoon, Paul-Louis Courier turns it into a codified and stabilized genre, with its own rhetoric, its own images and its own protagonists (particularly the « I » used by the pamphleteer). However, for the pamphleteer, making the author the main centre of interest implies justifying his writings and explaining the way he can speak on the people’s behalf. Studying the lampoon and the metadiscourse relating to it implies therefore opening some sociological horizons : the lampoon emphasizes the social background of the pamphleteer, of his characters and of his readers. Considering these factors, our article aims at comparing the sociological component in Courier’s and Tillier’s writings, intending to assert exactly how popular 19th Century-France lampoons are, from a sociological and a rhetorical standpoint.},
	pages = {83--95},
	number = {1},
	journaltitle = {Les Lettres Romanes},
	shortjournal = {Les Lettres Romanes},
	author = {Saintes, Laetitia},
	urldate = {2023-08-14},
	date = {2020-01},
	langid = {french},
	keywords = {pamphlet},
	file = {Saintes - 2020 - Parole pamphlétaire, parole plébéienne. Les cas de.pdf:/home/lf/Zotero/storage/7KTCTEMN/Saintes - 2020 - Parole pamphlétaire, parole plébéienne. Les cas de.pdf:application/pdf},
}

@article{angenot_review_1978,
	title = {Review La parole pamphlétaire},
	volume = {11},
	issn = {0014-214X, 1708-9069},
	url = {http://id.erudit.org/iderudit/500462ar},
	doi = {10.7202/500462ar},
	pages = {255},
	number = {2},
	journaltitle = {Études littéraires},
	shortjournal = {Études littéraires},
	author = {Angenot, Marc},
	urldate = {2023-08-14},
	date = {1978},
	langid = {french},
	keywords = {pamphlet},
	file = {Angenot - 1978 - La parole pamphlétaire:/home/lf/Zotero/storage/QARM8Y85/Angenot - 1978 - La parole pamphlétaire:application/pdf},
}

@incollection{ploux_lautre_2012,
	title = {De l’autre côté de la politique. Pamphlets et pamphlétaires à la fin du {XIXe} siècle en France},
	url = {http://books.openedition.org/pur/128943},
	pages = {307--322},
	booktitle = {La politique sans en avoir l'air},
	publisher = {Presses universitaires de Rennes},
	author = {Passard, Cédric},
	editor = {Ploux, François and Offerlé, Michel and Le Gall, Laurent},
	urldate = {2023-08-14},
	date = {2012},
	langid = {french},
	doi = {10.4000/books.pur.128943},
	keywords = {pamphlet},
	file = {Passard - 2012 - De l’autre côté de la politique. Pamphlets et pamp.pdf:/home/lf/Zotero/storage/ENPSHKWQ/Passard - 2012 - De l’autre côté de la politique. Pamphlets et pamp.pdf:application/pdf},
}

@article{le_bart_pamphlet_2009,
	title = {Le pamphlet politique aujourd’hui. Une catégorie honteuse ?},
	issn = {0243-6450, 1960-6001},
	url = {http://journals.openedition.org/mots/19217},
	doi = {10.4000/mots.19217},
	pages = {67--81},
	number = {91},
	journaltitle = {Mots},
	shortjournal = {mots},
	author = {Le Bart, Christian},
	urldate = {2023-08-14},
	date = {2009-11-30},
	langid = {french},
	keywords = {pamphlet},
	file = {Le Bart - 2009 - Le pamphlet politique aujourd’hui. Une catégorie h.pdf:/home/lf/Zotero/storage/UPSRC7RW/Le Bart - 2009 - Le pamphlet politique aujourd’hui. Une catégorie h.pdf:application/pdf},
}

@article{passard_linsoutenable_nodate,
	title = {L’insoutenable ontologisation du traître à la fin du xixe siècle :},
	author = {Passard, Cédric},
	langid = {french},
	keywords = {pamphlet},
	file = {Passard - L’insoutenable ontologisation du traître à la fin .pdf:/home/lf/Zotero/storage/FM8ALDEQ/Passard - L’insoutenable ontologisation du traître à la fin .pdf:application/pdf},
}

@article{andres_pour_1978,
	title = {Pour une grammaire de l’énonciation pamphlétaire},
	volume = {11},
	issn = {0014-214X, 1708-9069},
	url = {http://id.erudit.org/iderudit/500468ar},
	doi = {10.7202/500468ar},
	pages = {351},
	number = {2},
	journaltitle = {Études littéraires},
	shortjournal = {Études littéraires},
	author = {Andrès, Bernard},
	urldate = {2023-08-14},
	date = {1978},
	langid = {french},
	keywords = {pamphlet},
	file = {Andrès - 1978 - Pour une grammaire de l’énonciation pamphlétaire.pdf:/home/lf/Zotero/storage/KEYR8IC6/Andrès - 1978 - Pour une grammaire de l’énonciation pamphlétaire.pdf:application/pdf},
}

@article{lenfant_les_nodate,
	title = {Les aventures dun pamphlet antidémocratique transmission et réception de la Constitution des Athéniens du Pseudo-Xénophon (Ve....},
	issn = {1284-6325 {ISBN} 9782-7018-0597-9},
	series = {Collections de l’Université de Strasbourg},
	shorttitle = {Les aventures d'un pamphlet antidémocratique},
	journaltitle = {É{DITIONS} {DE} {BOCCARD}},
	author = {Lenfant, Dominique},
	langid = {french},
	keywords = {pamphlet},
	file = {Les aventures dun pamphlet antidémocratique transmission et réception de la Constitution des Athéniens du Pseudo-Xénophon (Ve....pdf:/home/lf/Zotero/storage/EKJDMCIQ/Les aventures dun pamphlet antidémocratique transmission et réception de la Constitution des Athéniens du Pseudo-Xénophon (Ve... (Dominique Lenfant) (Z-Library).pdf:application/pdf},
}

@article{bihl_cedric_2016,
	title = {‪Cédric {PASSARD}, L’Âge d’or du pamphlet‪. Paris, {CNRS} Éditions, 2015},
	volume = {53},
	url = {https://www.cairn.info/revue-d-histoire-du-dix-neuvieme-siecle-2016-2-page-207.htm},
	doi = {10.4000/rh19.5149},
	shorttitle = {‪Cédric {PASSARD}, L’Âge d’or du pamphlet‪},
	pages = {207--209},
	number = {2},
	journaltitle = {Revue d’histoire du {XIXe} siècle},
	shortjournal = {Revue d’histoire du {XIXe} siècle},
	author = {Bihl, Laurent},
	date = {2016},
	note = {Place: Paris
Publisher: Société de 1848},
	keywords = {pamphlet},
	file = {Texte intégral:/home/lf/Zotero/storage/M2Q36FKI/Bihl - 2016 - ‪Cédric PASSARD, L’Âge d’or du pamphlet‪. Paris, C.pdf:application/pdf},
}

@mvbook{feyel_presse_2007,
	location = {Paris},
	edition = {2e éd. revue et mise à jour},
	title = {La presse en France des origines à 1944 :  histoire politique et matérielle},
	isbn = {978-2-7298-3387-9},
	series = {Infocom},
	shorttitle = {La presse en France des origines à 1944},
	volumes = {1},
	pagetotal = {192},
	publisher = {Ellipses},
	author = {Feyel, Gilles},
	date = {2007},
	note = {Country: {FR}
25 cm. Bibliogr. p. 188-190.},
	keywords = {pamphlet},
}

@article{passard_pamphlet_2009,
	title = {Le pamphlet meurt-il de liberté ?},
	issn = {0243-6450, 1960-6001},
	url = {http://journals.openedition.org/mots/19175},
	doi = {10.4000/mots.19175},
	pages = {19--33},
	number = {91},
	journaltitle = {Mots},
	shortjournal = {mots},
	author = {Passard, Cédric},
	urldate = {2023-08-15},
	date = {2009-11-30},
	langid = {french},
	keywords = {pamphlet},
	file = {Passard - 2009 - Le pamphlet meurt-il de liberté .pdf:/home/lf/Zotero/storage/BF8W2GPU/Passard - 2009 - Le pamphlet meurt-il de liberté .pdf:application/pdf},
}

@book{angenot_parole_1982,
	location = {Paris},
	title = {La parole pamphlétaire :  contribution à la typologie des discours modernes},
	isbn = {978-2-228-13000-4},
	series = {Langages et sociétés},
	shorttitle = {La parole pamphlétaire},
	pagetotal = {425},
	publisher = {Payot},
	author = {Angenot, Marc},
	date = {1982},
	note = {Country: {FR}
couv. ill. en coul. 23 cm. Bibliogr. p. 401-420.},
	keywords = {pamphlet},
}

@online{noauthor_pamphlet_nodate,
	title = {{PAMPHLET} : Etymologie de {PAMPHLET}},
	url = {https://www.cnrtl.fr/etymologie/pamphlet},
	urldate = {2023-08-15},
	keywords = {pamphlet},
	file = {PAMPHLET \: Etymologie de PAMPHLET:/home/lf/Zotero/storage/2WDY4A6U/pamphlet.html:text/html},
}

@incollection{vivo_chapitre_2016,
	location = {Rennes},
	title = {Chapitre {VIII}. Libelles en guerre. Pouvoirs et imprimé pendant l’Interdit de Venise (1606-1607)},
	rights = {https://www.openedition.org/12554},
	isbn = {978-2-7535-4696-7},
	url = {http://books.openedition.org/pur/39855},
	series = {Interférences},
	pages = {149--172},
	booktitle = {L'imprimé et ses pouvoirs dans les langues romanes},
	publisher = {Presses universitaires de Rennes},
	author = {Vivo, Filippo de},
	editor = {Saez, Ricardo},
	urldate = {2023-08-17},
	date = {2016-09-19},
	langid = {french},
	doi = {10.4000/books.pur.39855},
	note = {Code: L'imprimé et ses pouvoirs dans les langues romanes},
	keywords = {pamphlet},
}

@online{guillemain_livre_nodate,
	title = {Le livre à la Renaissance},
	url = {https://essentiels.bnf.fr/fr/livres-et-ecritures/histoire-du-livre-occidental/efbeed25-e194-437d-ac46-ee9254f2d014-livre-lepoque-moderne-16e-18e-siecles/article/4378cf6b-b10b-420d-979b-a83958ad834b-livre-la-renaissance},
	abstract = {Au début du 16e siècle, les imprimeurs continuent de fournir les textes médiévaux disponibles pour le marché universitaire.},
	titleaddon = {{BnF} Essentiels},
	author = {Guillemain, Jean},
	urldate = {2023-08-12},
	langid = {french},
	keywords = {pamphlet},
	file = {Snapshot:/home/lf/Zotero/storage/7796DQRR/4378cf6b-b10b-420d-979b-a83958ad834b-livre-la-renaissance.html:text/html},
}

@article{angenot_rhetorique_nodate,
	title = {Rhétorique de l'anti-socialisme. Essai d'histoire discursive 1830-1917},
	author = {Angenot, Marc},
	keywords = {pamphlet},
	file = {Rhétorique de l’anti-socialisme. Essai d’histoire discursive 1830-1917 (Marc Angenot) (Z-Library).pdf:/home/lf/Zotero/storage/SVMF3AK9/Rhétorique de l’anti-socialisme. Essai d’histoire discursive 1830-1917 (Marc Angenot) (Z-Library).pdf:application/pdf},
}

@article{hastings_vituperation_2009,
	title = {De la vitupération. Le pamphlet et les régimes du « dire vrai » en politique},
	issn = {0243-6450, 1960-6001},
	url = {http://journals.openedition.org/mots/19188},
	doi = {10.4000/mots.19188},
	pages = {35--49},
	number = {91},
	journaltitle = {Mots},
	shortjournal = {mots},
	author = {Hastings, Michel},
	urldate = {2023-08-17},
	date = {2009-11-30},
	langid = {french},
	keywords = {pamphlet},
	file = {Hastings - 2009 - De la vitupération. Le pamphlet et les régimes du .pdf:/home/lf/Zotero/storage/8BDUDTVF/Hastings - 2009 - De la vitupération. Le pamphlet et les régimes du .pdf:application/pdf},
}

@book{farge_dire_1992,
	location = {Paris},
	title = {Dire et mal dire :  l'opinion publique au {XVIIIe} siècle},
	isbn = {978-2-02-012902-2},
	series = {La librairie du {XXe} siècle},
	shorttitle = {Dire et mal dire},
	pagetotal = {310},
	publisher = {Éd. du Seuil},
	author = {Farge, Arlette},
	date = {1992},
	note = {Country: {FR}
18 cm.},
	keywords = {pamphlet},
}

@book{noauthor_polemique_nodate,
	title = {Polémique et rhétorique de l'Antiquité à nos jours},
	keywords = {pamphlet},
	file = {Polemique_et_rhetorique_de_l_Antiquite_a.pdf:/home/lf/Zotero/storage/Y8QNFRH9/Polemique_et_rhetorique_de_l_Antiquite_a.pdf:application/pdf},
}

@book{dominique_les_1962,
	location = {Paris},
	title = {Les polémistes français depuis 1789},
	series = {Collection Choix de textes},
	pagetotal = {445},
	number = {6},
	publisher = {La Colombe},
	author = {Dominique, Pierre},
	date = {1962},
	note = {Country: {FR}
21 cm.},
	keywords = {pamphlet},
}

@article{avril_pamphlet_1978,
	title = {Le pamphlet : essai de définition et analyse de quelques-uns de ses procédés},
	volume = {11},
	issn = {0014-214X, 1708-9069},
	url = {http://id.erudit.org/iderudit/500463ar},
	doi = {10.7202/500463ar},
	shorttitle = {Le pamphlet},
	pages = {265},
	number = {2},
	journaltitle = {Études littéraires},
	shortjournal = {Études littéraires},
	author = {Avril, Yves},
	urldate = {2023-08-18},
	date = {1978},
	langid = {french},
	keywords = {pamphlet},
	file = {Avril - 1978 - Le pamphlet  essai de définition et analyse de qu.pdf:/home/lf/Zotero/storage/HVULV3RV/Avril - 1978 - Le pamphlet  essai de définition et analyse de qu.pdf:application/pdf},
}

@mvbook{passard_lage_2015,
	location = {Paris},
	title = {L'âge d'or du pamphlet :  1868-1898},
	isbn = {978-2-271-08321-0},
	shorttitle = {L'âge d'or du pamphlet},
	volumes = {1},
	pagetotal = {357},
	publisher = {{CNRS} éditions},
	author = {Passard, Cédric},
	date = {2015},
	note = {Country: {FR}
ill. 23 cm. Bibliogr. p. 335-352. Index.},
	keywords = {{HN}, Pamphlets français, Presse et politique},
}

@online{francaise_dictionnaire_nodate,
	title = {Dictionnaire de l’Académie française},
	url = {http://www.dictionnaire-academie.fr/article/A4P0114},
	abstract = {pamflet},
	author = {française, Académie},
	urldate = {2023-08-18},
	langid = {french},
	file = {Snapshot:/home/lf/Zotero/storage/FJCLHT9M/A4P0114.html:text/html},
}

@article{ferret_y_2009,
	title = {Y a-t-il un genre du pamphlet en France dans la seconde moitié du dix-huitième siècle ?},
	volume = {7},
	rights = {free},
	url = {https://www.persee.fr/doc/gadge_1950-974x_2009_num_7_1_934},
	doi = {10.3406/gadge.2009.934},
	pages = {385--405},
	number = {1},
	journaltitle = {Cahiers du {GADGES}},
	author = {Ferret, Olivier},
	urldate = {2023-08-27},
	date = {2009},
	note = {Publisher: Persée - Portail des revues scientifiques en {SHS}},
}
