
@book{noauthor_marseillaise_1877,
	location = {Paris},
	title = {La Marseillaise :  journal politique quotidien},
	url = {http://gallica.bnf.fr/ark:/12148/cb328118460/date},
	shorttitle = {La Marseillaise},
	publisher = {s.n.},
	urldate = {2023-08-14},
	date = {1877},
	note = {Country: {FR}
{ISSN}: 2113-4197
Gr. fol. puis fol. Reprend le titre de : "La Marseillaise (Paris.1869). Le sous-titre varie. Du 9 juil. au 3 oct. 1877 remplacé par "Le Mot d'ordre (Paris. 1877)" ; remplace "Le
      Réveil (Paris. 1877)" du 19 mars 1878 au 25 janv. 1880.},
	keywords = {sources},
}

@book{rochefort_lanterne_1868,
	location = {Paris},
	title = {La Lanterne},
	url = {http://gallica.bnf.fr/ark:/12148/cb32805103j/date},
	publisher = {s.n.},
	author = {Rochefort, Henri},
	urldate = {2023-08-14},
	date = {1868},
	note = {Publié à Paris jusqu'au n° 11 (8 août 1868), qui est saisi et donne lieu à plusieurs
      rééditions à Bruxelles ; le n° 12 (15 août) est publié à Bruxelles ; le n° 13 (22
      août) est publié en 2 éditions, à Paris et à Bruxelles ; à partir du n° 14 (29 août)
      publié uniquement à Bruxelles, mais jusqu'au n° 16 (12 septembre) la couverture porte
      encore mention des bureaux à Paris, 3 rue Rossini et rue Coq-Héron, 5. Certains numéros de la 1re série ont donné lieu à une édition à Berlin. La 2e série a aussi donné lieu à des éditions à Genève et à Londres. Des rééditions partielles ont aussi paru sous forme de monographies : "Mes treize
      premières Lanternes", 1868 ; "La Lanterne : réimpression des 64 numéros publiés à
      l'étranger ou interdits en France", 1870 ; "La propagande républicaine. Napoléon dernier
      : les Lanternes de l'Empire", 1880-1881 ; "La Lanterne", 1886. A donné lieu à de nombreuses imitations ou parodies.},
	keywords = {sources},
}

@book{barbieux_rappel_1869,
	location = {Paris},
	title = {Le Rappel},
	url = {http://gallica.bnf.fr/ark:/12148/cb328479063/date},
	publisher = {s.n.},
	editora = {Barbieux, Albert},
	editoratype = {collaborator},
	urldate = {2023-08-14},
	date = {1869},
	note = {Country: {FR}
{ISSN}: 1257-5917
In-fol. puis gr. fol. Journal républicain radical.},
	keywords = {sources},
}

@book{drumont_libre_1892,
	location = {Paris},
	title = {La Libre parole},
	url = {http://gallica.bnf.fr/ark:/12148/cb328070581/date},
	publisher = {s.n.},
	author = {Drumont, Édouard},
	urldate = {2023-08-14},
	date = {1892},
	note = {Country: {FR}
{ISSN}: 1256-0294
Gr. fol. Titre repris en oct. 1930 par : "Libre (La) parole. Organe nationaliste indépendant.},
	keywords = {sources},
}

@book{courier_pamphlet_1824,
	location = {Paris},
	title = {Pamphlet des pamphlets, par Paul-Louis Courier},
	url = {http://gallica.bnf.fr/ark:/12148/bpt6k61216983},
	publisher = {les marchands de nouveautés},
	author = {Courier, Paul-Louis},
	urldate = {2023-08-14},
	date = {1824},
	note = {Country: {FR}},
	keywords = {sources},
	file = {PAMPHLET DES PAMPHLETS (Courier de mere, Paul-louis) (Z-Library).pdf:/home/lf/Zotero/storage/26B5GHHH/PAMPHLET DES PAMPHLETS (Courier de mere, Paul-louis) (Z-Library).pdf:application/pdf},
}

@mvbook{larousse_grand_1866,
	location = {Paris},
	title = {Grand dictionnaire universel du {XIXe} siècle :  français, historique, géographique, mythologique, bibliographique...},
	url = {http://gallica.bnf.fr/ark:/12148/bpt6k205356p},
	shorttitle = {Grand dictionnaire universel du {XIXe} siècle},
	volumes = {17},
	publisher = {Administration du grand Dictionnaire universel},
	author = {Larousse, Pierre},
	urldate = {2023-08-15},
	date = {1866},
	note = {Country: {FR}
in-fol.},
	keywords = {sources},
}

@book{buffon_discours_1872,
	location = {Paris},
	title = {Discours sur le style, prononcé à l'Académie française par M. de Buffon le jour de       sa réception (25 août 1753) :  avec une notice biographique, un examen critique et des notes explicatives},
	url = {http://gallica.bnf.fr/ark:/12148/bpt6k937176g},
	shorttitle = {Discours sur le style, prononcé à l'Académie française par M. de Buffon le jour de       sa réception (25 août 1753)},
	pagetotal = {27},
	publisher = {Lecoffre fils},
	author = {Buffon, Georges-Louis Leclerc comte de and Hatzfeld, Adolphe},
	urldate = {2023-08-15},
	date = {1872},
	note = {Country: {FR}
in-16.},
	keywords = {sources},
}

@mvbook{henri_dandeli_oeuvres_1881,
	location = {Paris},
	title = {Oeuvres de Henri d'Andeli, trouvère normand du {XIIIe} siècle},
	url = {http://gallica.bnf.fr/ark:/12148/bpt6k54505677},
	series = {Société rouennaise de bibliophiles},
	volumes = {1},
	pagetotal = {207},
	publisher = {A. Claudin},
	author = {Henri d'Andeli},
	editor = {Héron, Alexandre},
	urldate = {2023-08-17},
	date = {1881},
	note = {Country: {FR}
in-8.},
	keywords = {sources},
}

@thesis{morawski_pamphile_1917,
	location = {Paris},
	title = {Pamphile et Galatée, par Jehan-Bras-de-Fer, de Dammartin-en-Goële, poème français       inédit du {XIVe} siècle :  édition critique précédée de recherches sur le "Pamphilus" latin},
	shorttitle = {Pamphile et Galatée, par Jehan-Bras-de-Fer, de Dammartin-en-Goële, poème français       inédit du {XIVe} siècle},
	pagetotal = {228},
	institution = {É. Champion},
	type = {phdthesis},
	author = {Morawski, Joseph and Jean Bras de Fer},
	date = {1917},
	note = {Country: {FR}
Number Of Volumes: 1
25 cm. Contient le texte "Pamphyle et Galatée" en français moyen. Traduction de Jean Bras-de-Fer, d'après l'acrostiche formé par les 34 premiers vers.},
	keywords = {sources},
}

@book{la_boullaye-le_gouz_les_1653,
	location = {Paris},
	title = {Les voyages et observations du sieur de La Boullaye Le Gouz,... où sont décrites les       religions, gourvernemens et situations des Estats et royaumes d'Italie, Grèce, Natolie,       Syrie, Palestine, Karaménie, Kaldée, Assyrie, Grand Mogol, Bijapour, Indes orientales       des Portugais, Arabie, Égypte, Hollande, Grande-Bretagne, Irlande, Dannemak, Pologne,       isles et autres lieux d'Europe, Asie et Afrique...},
	url = {http://gallica.bnf.fr/ark:/12148/bpt6k115899s},
	pagetotal = {540},
	publisher = {G. Clousier},
	author = {La Boullaye-Le Gouz, François de},
	urldate = {2023-08-17},
	date = {1653},
	note = {Country: {FR}
fig. in-4.},
	keywords = {sources},
}

@book{misson_de_valbourg_memoires_1698,
	location = {La Haye},
	title = {Mémoires et observations faites par un voyageur en Angleterre...},
	pagetotal = {422},
	publisher = {H. Van Bulderen},
	author = {Misson de Valbourg, Henry},
	editor = {Misson, Maximilien},
	date = {1698},
	note = {Par Henry Misson de Valbourg, qui signe la dédicace  "H. M. de V.", et publié par
      son frère, Maximilien Misson, d'après Barbier.},
	keywords = {sources},
}

@mvbook{barres_scenes_1902,
	location = {Paris},
	title = {Scènes et doctrines du nationalisme},
	url = {http://gallica.bnf.fr/ark:/12148/bpt6k56013884},
	volumes = {1},
	pagetotal = {518},
	publisher = {F. Juven},
	author = {Barrès, Maurice},
	urldate = {2023-08-17},
	date = {1902},
	note = {Country: {FR}
in-16. Recueil d'articles, de discours et de textes extraits de divers journaux et publications.},
	keywords = {sources},
}

@book{bernanos_francais_1961,
	location = {Paris},
	title = {Français, si vous saviez, 1945-1948. Introduction d'André Rousseaux. Notes d'Antoine       Travers},
	pagetotal = {379},
	publisher = {Gallimard (Montrouge, Impr. moderne)},
	author = {Bernanos, Georges},
	editor = {Travers, Antoine},
	editora = {Rousseaux, André},
	editoratype = {collaborator},
	date = {1961},
	note = {Country: {FR}
Recueil d'articles extraits de divers journaux et revues. Date de l'expression contenue : 1961.},
	keywords = {sources},
}

@book{bernanos_grande_1969,
	location = {Paris},
	title = {La Grande peur des bien-pensants , Édouard Drumont. Postface de Michel Estève. Suivie       de trois textes de Georges Bernanos. [A propos de l'antisémitisme de Drumont. Encore       la question juive. L'Honneur est ce qui nous rassemble.]},
	pagetotal = {448},
	publisher = {le Livre de:poche},
	author = {Bernanos, Georges},
	editora = {Estève, Michel},
	editoratype = {collaborator},
	date = {1969},
	note = {Country: {XX}
Le Livre de poche. 2240.   Les trois textes de G. Bernanos sont extraits du Bulletin
      de la Société des amis de Georges Bernanos, n° 47, septembre-décembre 1962, du Chemin
      de la croix des âmes et de Français si vous saviez.},
	keywords = {sources},
}

@book{barres_homme_1889,
	location = {Paris},
	title = {Un homme libre},
	url = {http://gallica.bnf.fr/ark:/12148/bpt6k689803},
	pagetotal = {297},
	publisher = {Perrin},
	author = {Barrès, Maurice},
	urldate = {2023-08-17},
	date = {1889},
	note = {Country: {FR}
in-16.},
	keywords = {sources},
}

@book{bernanos_crepuscule_1956,
	location = {Paris},
	edition = {Troisième édition},
	title = {Le Crépuscule des vieux...},
	pagetotal = {368},
	publisher = {Gallimard},
	author = {Bernanos, Georges},
	date = {1956},
	note = {Country: {FR}
in-16. Recueil de textes divers écrits de 1909 à 1939.},
	keywords = {sources},
}

@book{drumont_france_1888,
	location = {Paris},
	title = {La France juive},
	publisher = {Goupy},
	author = {Drumont, Édouard},
	date = {1888},
	note = {Country: {FR}},
}

@online{francaise_dictionnaire_1762,
	title = {Dictionnaire de l’Académie française, entrée : pampflet},
	url = {http://www.dictionnaire-academie.fr/article/A8P0156},
	abstract = {pamphlet},
	author = {française, Académie},
	urldate = {2023-08-18},
	date = {1762},
	langid = {french},
	keywords = {sources},
	file = {Snapshot:/home/lf/Zotero/storage/TQZBQK7P/A8P0156.html:text/html},
}

@book{baudouin_pamphile_1874,
	location = {Paris},
	title = {Pamphile, ou l'Art d'être aimé, comédie latine du Xe siècle, précédée d'une étude critique et d'une paraphrase},
	publisher = {Librairie moderne},
	author = {Baudouin, Adolphe},
	date = {1874},
	langid = {french},
	file = {de.pdf:/home/lf/Zotero/storage/FVN63P55/de.pdf:application/pdf},
}

@article{quensoi_de_la_hennerie_les_1925,
	title = {Les propos séditieux sous la Restauration dans le département du Nord (1815-1824)},
	volume = {11},
	rights = {free},
	url = {https://www.persee.fr/doc/rnord_0035-2624_1925_num_11_41_1391},
	doi = {10.3406/rnord.1925.1391},
	pages = {36--53},
	number = {41},
	journaltitle = {Revue du Nord},
	author = {Quensoi de la Hennerie, A.},
	urldate = {2023-08-24},
	date = {1925},
	note = {Publisher: Persée - Portail des revues scientifiques en {SHS}},
	keywords = {sources},
}

@book{bachaumont_memoires_1783,
	title = {Mémoires secrets pour servir à l'histoire de la République des Lettres en France, depuis {MDCCLXII}, ou Journal d'un observateur, contenant les analyses des pièces de théâtre qui ont paru durant cet intervalle, les relations des assemblée littéraires.... T. 1 / [par L. Petit de Bachaumont, M.-F. Pidansat de Mairobert et Moufle d'Angerville.]},
	rights = {domaine public},
	url = {https://gallica.bnf.fr/ark:/12148/bpt6k206656w},
	abstract = {Mémoires secrets pour servir à l'histoire de la République des Lettres en France, depuis {MDCCLXII}, ou Journal d'un observateur, contenant les analyses des pièces de théâtre qui ont paru durant cet intervalle, les relations des assemblée littéraires.... T. 1 / [par L. Petit de Bachaumont, M.-F. Pidansat de Mairobert et Moufle d'Angerville.] -- 1783-1789 -- livre},
	author = {Bachaumont, Louis Petit de (1690-1771) Auteur du texte and Pidansat de Mairobert, Mathieu-François (1727-1779) Auteur du texte and Mouffle d'Angerville, Barthélemy-François-Joseph (1729?-1794?) Auteur du texte},
	urldate = {2023-08-24},
	date = {1783},
	file = {Snapshot:/home/lf/Zotero/storage/S6TBNU45/bpt6k206656w.html:text/html},
}

@mvbook{bachaumont_memoires_1783-1,
	location = {A Londres},
	title = {Mémoires secrets pour servir à l'histoire de la République des Lettres en France,       depuis {MDCCLXII}, ou Journal d'un observateur, contenant les analyses des pièces de       théâtre qui ont paru durant cet intervalle, les relations des assemblée littéraires...},
	url = {http://gallica.bnf.fr/ark:/12148/bpt6k206656w},
	volumes = {18},
	publisher = {chez John Adamson},
	author = {Bachaumont, Louis Petit de and Pidansat de Mairobert, Mathieu-François and Mouffle d'Angerville, Barthélemy-François-Joseph},
	urldate = {2023-08-24},
	date = {1783},
	note = {Country: {GB}
17 cm.},
	keywords = {sources},
}
